<record><leader>00000cas a22000007a 4500</leader><controlfield tag="001">17453462</controlfield><controlfield tag="008">880209d19041906iauwr ne      0    0eng d</controlfield><datafield ind1=" " ind2=" " tag="010"><subfield code="a">sn 88059490 </subfield></datafield><datafield ind1=" " ind2=" " tag="040"><subfield code="a">INP</subfield><subfield code="b">eng</subfield><subfield code="c">INP</subfield><subfield code="d">OCLCQ</subfield></datafield><datafield ind1=" " ind2=" " tag="042"><subfield code="a">msc</subfield></datafield><datafield ind1="0" ind2=" " tag="130"><subfield code="a">Charles City intelligencer (Charles City, Iowa : 1904)</subfield></datafield><datafield ind1="1" ind2="0" tag="245"><subfield code="a">Charles City intelligencer.</subfield></datafield><datafield ind1=" " ind2=" " tag="260"><subfield code="a">Charles City, Floyd Co., Iowa :</subfield><subfield code="b">Sloane &amp; Rhinesmith,</subfield><subfield code="c">1904-1906.</subfield></datafield><datafield ind1=" " ind2=" " tag="300"><subfield code="a">3 v.</subfield></datafield><datafield ind1=" " ind2=" " tag="310"><subfield code="a">Weekly</subfield></datafield><datafield ind1="0" ind2=" " tag="362"><subfield code="a">49th year, no. 31 (Aug. 4, 1904)-51st year, no. 34 (Aug. 30, 1906).</subfield></datafield><datafield ind1=" " ind2=" " tag="515"><subfield code="a">51st year, no. 34 (Aug. 30, 1906) misnumbered 51st year, no. 33.</subfield></datafield><datafield ind1=" " ind2=" " tag="752"><subfield code="a">United States</subfield><subfield code="b">Iowa</subfield><subfield code="c">Floyd</subfield><subfield code="d">Charles City.</subfield></datafield><datafield ind1="0" ind2=" " tag="775"><subfield code="t">Charles City daily intelligencer</subfield><subfield code="w">(DLC)sn 88059493</subfield><subfield code="g">&lt;July&gt;-Aug. 1906</subfield></datafield><datafield ind1="0" ind2="0" tag="780"><subfield code="t">Sam G. Sloane's Charles City intelligencer</subfield><subfield code="w">(DLC)sn 88059489</subfield></datafield><datafield ind1="0" ind2="0" tag="785"><subfield code="t">Charles City semi-weekly intelligencer</subfield><subfield code="w">(DLC)sn 87058430</subfield></datafield></record>